<record><leader>00000cas a22000007a 4500</leader><controlfield tag="001">11094137</controlfield><controlfield tag="008">840827d18561962iauwr ne      0    0eng d</controlfield><datafield ind1=" " ind2=" " tag="010"><subfield code="a">sn 84027398 </subfield></datafield><datafield ind1=" " ind2=" " tag="040"><subfield code="a">NPU</subfield><subfield code="b">eng</subfield><subfield code="c">NPU</subfield><subfield code="d">NPX</subfield><subfield code="d">INP</subfield><subfield code="d">OCLCQ</subfield></datafield><datafield ind1=" " ind2=" " tag="042"><subfield code="a">msc</subfield></datafield><datafield ind1="0" ind2="4" tag="245"><subfield code="a">The Tipton advertiser.</subfield></datafield><datafield ind1=" " ind2=" " tag="260"><subfield code="a">Tipton, Cedar Co., Iowa :</subfield><subfield code="b">Wells Spicer,</subfield><subfield code="c">1856-1962.</subfield></datafield><datafield ind1=" " ind2=" " tag="300"><subfield code="a">v. :</subfield><subfield code="b">ill. ;</subfield><subfield code="c">71 cm.</subfield></datafield><datafield ind1=" " ind2=" " tag="310"><subfield code="a">Weekly,</subfield><subfield code="b">Apr. 18, 1907-Oct. 23, 1962</subfield></datafield><datafield ind1=" " ind2=" " tag="321"><subfield code="a">Weekly,</subfield><subfield code="b">Jan. 26, 1856-Sept. 26, 1901</subfield></datafield><datafield ind1=" " ind2=" " tag="321"><subfield code="a">Semiweekly,</subfield><subfield code="b">Oct. 1, 1901-Apr. 12, 1907</subfield></datafield><datafield ind1="0" ind2=" " tag="362"><subfield code="a">Vol. 3, no. 4 (Jan. 26, 1856)-Oct. 23, 1962.</subfield></datafield><datafield ind1=" " ind2=" " tag="500"><subfield code="a">"Independent in all things--neutral in nothing."</subfield></datafield><datafield ind1=" " ind2=" " tag="515"><subfield code="a">Issues for -1962 lack numbering.</subfield></datafield><datafield ind1=" " ind2=" " tag="515"><subfield code="a">Vol. 47, no. 1 (Jan. 4, 1900) misdated 1899.</subfield></datafield><datafield ind1=" " ind2=" " tag="752"><subfield code="a">United States</subfield><subfield code="b">Iowa</subfield><subfield code="c">Cedar</subfield><subfield code="d">Tipton.</subfield></datafield><datafield ind1="0" ind2="0" tag="780"><subfield code="t">Cedar County advertiser</subfield><subfield code="w">(DLC)sn 85049614</subfield></datafield><datafield ind1="0" ind2="5" tag="780"><subfield code="t">Cedar post</subfield><subfield code="g">1873</subfield><subfield code="w">(DLC)sn 84027399</subfield></datafield><datafield ind1="0" ind2="5" tag="780"><subfield code="t">Cedar County Republican</subfield><subfield code="g">1900</subfield><subfield code="w">(DLC)sn 85049656</subfield></datafield><datafield ind1="0" ind2="7" tag="785"><subfield code="t">Bennett gazette</subfield><subfield code="w">(DLC)sn 85049617</subfield></datafield><datafield ind1="0" ind2="7" tag="785"><subfield code="t">Tipton advertiser &amp; the Bennett gazette</subfield><subfield code="w">(DLC)sn 85049615</subfield></datafield></record>